@article{dynamic-encoding-chemotaxis,
  title={Dynamic encoding of perception, memory, and movement in a C. elegans chemotaxis circuit},
  author={Luo, Linjiao and Wen, Quan and Ren, Jing and Hendricks, Michael and Gershow, Marc and Qin, Yuqi and Greenwood, Joel and Soucy, Edward R and Klein, Mason and Smith-Parker, Heidi K and others},
  journal={Neuron},
  volume={82},
  number={5},
  pages={1115--1128},
  year={2014},
  publisher={Elsevier}
}

@article{decision-connectome,
  title={The connectome of a decision-making neural network},
  author={Jarrell, Travis A and Wang, Yi and Bloniarz, Adam E and Brittin, Christopher A and Xu, Meng and Thomson, J Nichol and Albertson, Donna G and Hall, David H and Emmons, Scott W},
  journal={Science},
  volume={337},
  number={6093},
  pages={437--444},
  year={2012},
  publisher={American Association for the Advancement of Science}
}

@article{sexual-dimorphism,
  title={Timing mechanism of sexually dimorphic nervous system differentiation},
  author={Pereira, Laura and Aeschimann, Florian and Wang, Chen and Lawson, Hannah and Serrano-Saiz, Esther and Portman, Douglas S and Grosshans, Helge and Hobert, Oliver},
  journal={Elife},
  volume={8},
  pages={e42078},
  year={2019},
  publisher={eLife Sciences Publications Limited}
}

@article{axon-guidance-genetics,
  title={The genetics of axon guidance and axon regeneration in Caenorhabditis elegans},
  author={Chisholm, Andrew D and Hutter, Harald and Jin, Yishi and Wadsworth, William G},
  journal={Genetics},
  volume={204},
  number={3},
  pages={849--882},
  year={2016},
  publisher={Genetics Soc America}
}

@article{multilayer-connectome  ,
  title={The multilayer connectome of Caenorhabditis elegans},
  author={Bentley, Barry and Branicky, Robyn and Barnes, Christopher L and Chew, Yee Lian and Yemini, Eviatar and Bullmore, Edward T and V{\'e}rtes, Petra E and Schafer, William R},
  journal={PLoS computational biology},
  volume={12},
  number={12},
  pages={e1005283},
  year={2016},
  publisher={Public Library of Science}
}

@article{connectome-development,
  title={Mechanisms of connectome development},
  author={Kaiser, Marcus},
  journal={Trends in Cognitive Sciences},
  volume={21},
  number={9},
  pages={703--717},
  year={2017},
  publisher={Elsevier}
}

@article{sexes-whole-connectome,
  title={Whole-animal connectomes of both Caenorhabditis elegans sexes},
  author={Cook, Steven J and Jarrell, Travis A and Brittin, Christopher A and Wang, Yi and Bloniarz, Adam E and Yakovlev, Maksim A and Nguyen, Ken CQ and Tang, Leo T-H and Bayer, Emily A and Duerr, Janet S and others},
  journal={Nature},
  volume={571},
  number={7763},
  pages={63},
  year={2019},
  publisher={Nature Publishing Group}
}